2724 3383
1471 32 1477 81 ὶ

1444 138 1482 194 4

374 312 528 373 ipsius
569 321 727 371 partes
780 321 933 369 ageret
964 310 1160 370 ejusque
1189 309 1478 369 majestatem
1523 319 1570 352 et
1619 308 1891 368 gravitatem
1943 307 2287 368 quodammodo
2339 324 2525 372 reprae-

379 401 597 438 sentaret.
653 391 797 435 Obliti
829 389 995 449 igitur,
1032 389 1198 450 quibus
1226 388 1393 433 finibus
1422 388 1598 433 animus
1631 399 1791 433 noster
1823 402 1851 453 a
1881 396 2046 431 natura
2080 389 2181 463 ipsa
2213 402 2518 446 coerceretur,

374 473 497 514 hanc
547 471 724 514 homini
774 469 1073 514 obtruserunt
1100 470 1459 524 necessitatem,
1523 480 1593 522 ut,
1652 468 1777 528 quod
1820 466 1986 511 virium
2029 481 2213 512 suarum
2261 485 2521 515 mensuram

378 551 517 610 longe
560 550 762 603 excedit,
806 550 857 594 id
906 537 1146 611 appeteret
1178 561 1317 610 atque
1358 547 1597 624 affectaret
1637 562 1942 608 summopere.
2024 546 2107 590 cui
2149 549 2338 606 quidem
2372 550 2527 594 errori

378 633 485 676 ideo
536 630 728 674 obnoxii
780 631 929 682 fuere,
981 630 1107 690 quod
1151 646 1290 689 supra
1323 640 1503 688 tempus
1559 643 1798 688 assurgere
1845 627 1992 673 nescii
2023 639 2160 688 atque
2196 629 2284 672 hac
2316 631 2527 675 terres-tri

378 722 542 757 nostra
579 711 851 755 conditione
882 709 1095 753 universa
1127 708 1293 753 confici
1325 699 1636 752 existimantes
1653 738 1667 760 ‚
1715 708 1767 751 in
1809 708 1898 753 hac
1938 708 2029 752 vita
2069 707 2283 752 virtutem
2314 710 2528 756 omnibus

378 792 582 835 numeris
625 791 885 834 absolutam
930 789 1112 848 acquiri
1150 804 1290 848 posse
1340 788 1428 832 sibi
1460 778 1797 847 persuaserant.
1864 790 1964 848 Quo
1994 788 2140 845 magis
2162 798 2333 831 autem
2369 789 2529 834 huma-

382 887 471 914 nae
518 882 710 913 naturae
741 869 913 913 viribus
947 869 1100 927 iisque
1138 868 1251 911 solis
1284 884 1510 911 summum
1548 866 1664 910 illud
1709 867 1908 919 bonum,
1945 867 2073 926 quod
2104 867 2269 912 virtute
2316 869 2527 914 contine.-

383 962 487 1002 tur,
524 947 818 994 efficiendum
848 964 950 993 esse
978 947 1240 1008 jactabant,
1272 963 1331 991 eo
1364 947 1533 1007 majori
1568 945 1725 992 'studio
1757 947 1816 990 iis
1849 940 2182 991 elaborandum
2212 957 2335 1003 erat,
2369 957 2420 990 ut
2453 962 2528 990 ex-

384 1046 595 1091 pressam
634 1030 867 1090 quandam
898 1029 947 1071 in
977 1029 1164 1072 homine
1212 1028 1510 1073 excellentiae
1554 1028 1686 1071 istius
1732 1027 1981 1086 imaginem
2019 1038 2349 1088 proponerent.
2416 1027 2529 1071 Cum

383 1111 510 1154 enim
546 1126 600 1152 ea
652 1110 712 1151 sit
749 1108 891 1150 animi
931 1108 1080 1150 nostri
1120 1106 1352 1149 hebetudo
1384 1118 1430 1149 et
1472 1106 1692 1159 tarditas,
1726 1118 1777 1150 ut
1806 1123 1833 1149 a
1865 1107 2131 1165 cognitione
2163 1123 2320 1151 earum
2362 1124 2525 1161 rerum,

389 1205 508 1248 quae
540 1188 689 1233 oculis
724 1186 853 1230 cerni
884 1197 1142 1244 nequeunt,
1179 1200 1458 1243 quamquam
1490 1200 1573 1226 eae
1621 1184 1852 1242 pellucida
1894 1188 2105 1231 oratione
2154 1188 2245 1231 sint
2277 1189 2526 1247 expositae,

385 1280 543 1313 tamen
573 1267 698 1311 haud
729 1282 836 1309 raro
863 1263 1129 1314 abhorreat,
1168 1262 1342 1313 Stoicis
1374 1262 1623 1306 verendum
1661 1273 1781 1314 erat,
1816 1278 1874 1306 ne
1906 1279 2033 1307 mera
2061 1267 2242 1309 virtutis
2272 1267 2404 1310 notio
2453 1282 2528 1311 ae-

388 1346 595 1410 qudlinm
627 1330 817 1391 suorum
849 1353 1034 1403 captum
1063 1340 1297 1401 effugeret.
1333 1347 1371 1393 α)
1413 1340 1534 1384 Hinc
1567 1339 1801 1385 indefessa
1832 1341 1913 1385 illa
1943 1358 1997 1386 ac
2024 1342 2230 1388 sollicita
2261 1343 2529 1405 Sapientem

384 1427 597 1474 Stoicum
630 1423 923 1469 describendi
969 1421 1221 1474 industria,
1256 1421 1365 1465 hinc
1399 1420 1594 1480 insignis
1629 1420 1706 1464 ille
1739 1437 1883 1474 amor,
1906 1437 2012 1483 quo
2047 1423 2291 1484 Sapientis>
2314 1423 2525 1484 effigiem,

383 1524 552 1568 magno
585 1506 757 1565 ingenii
789 1503 1027 1563 impendio
1061 1512 1326 1552 exornatam
1374 1501 1606 1545 fovebant.
1680 1503 1918 1561 Imprimis·
1932 1511 2044 1546 vvero
2075 1504 2361 1568 recen-tiores-
2390 1506 2530 1550 Stoae

379 1598 689 1633 assectatores
714 1584 850 1628 multi
880 1583 1066 1625 fuerunt
1108 1582 1156 1624 in
1186 1580 1501 1640 praedicando
1546 1592 1592 1624 et
1629 1581 1859 1626 laudando
1893 1582 2134 1642 sapiente,
2185 1584 2449 1628 sexcenties.
2479 1585 2531 1628 in

383 1668 519 1713 libris
554 1666 650 1710 suis
678 1665 745 1732 ad
767 1662 972 1707 eundem
1009 1661 1251 1706 redeuntes
1285 1671 1330 1705 et
1356 1660 1422 1706 >ad
1454 1662 1552 1721 ejus
1582 1661 1890 1707 imitationem
1920 1663 2059 1707 etiam
2098 1673 2235 1722 atque
2281 1664 2419 1713 etiam
2449 1675 2528 1709 co-

382 1747 644 1791 hortantes.

512 1829 573 1873 At
605 1827 730 1871 haud
761 1824 899 1886 pauci
931 1840 985 1869 ex
1017 1823 1400 1886 philosophorum
1443 1823 1629 1869 'familiis
1675 1823 1870 1869 subinde
1908 1823 2065 1878 fuere,
2089 1823 2137 1878 Β)
2183 1824 2262 1885 qui
2316 1839 2527 1870 consum-

384 1921 535 1955 matae
565 1908 693 1951 illius
738 1906 916 1950 virtutis
948 1905 1203 1965 exemplum
1238 1905 1509 1949 allatrarent
1559 1915 1606 1948 et
1649 1906 1697 1948 in
1728 1905 1974 1949 ridiculum
2000 1916 2268 1951 ,vertet-ent.
2332 1890 2528 1964 Egregia
2562 1935 2565 1938 »

387 1990 606 2050 quidem,
650 1986 864 2038 excelsa,
899 1985 1140 2045 praeclara
1170 1983 1466 2043 praecipitis,
1501 1984 1707 2043 ajebant,
1768 1979 1973 2044 atquae
2014 1986 2130 2028 nulli
2161 1986 2296 2029 fidem
2318 1985 2528 2034 ¹adstrin-

392 2081 502 2129 gant
533 2070 781 2111 humanam
810 2077 982 2109 sortem
1020 2065 1142 2124 juste
1170 2063 1463 2123 expendenti.
1528 2064 1700 2123 Ecquis
1732 2079 1927 2123 usquam
1956 2064 2079 2106 inter
2110 2065 2328 2108 mortales
2360 2066 2425 2109 ita
2456 2079 2530 2107 ex-

385 2161 458 2193 tra
490 2148 661 2192 erroris
698 2145 863 2191 *vitium
898 2145 1078 2205 positus
1114 2144 1224 2196 fuit,
1258 2154 1307 2187 ut
1353 2143 1505 2203 decipi
1542 2154 1587 2187 et
1620 2143 1714 2187 labi
1746 2160 1845 2188 non
1884 2142 2145 2205 potuerit‘?'
2174 2143 2268 2188 Ubi
2308 2149 2531 2207 terrai-um

392 2229 642 2289 quisquam
671 2227 868 2269 humana
894 2225 1082 2283 origine
1108 2224 1336 2268 «oriundus
1369 2224 1607 2284 apparuit,
1642 2224 1724 2283 qni
1750 2239 1939 2268 omnem
1964 2225 2217 2270 humanum
2253 2239 2438 2268 sensum
2465 2224 2530 2268 ita

389 2309 587 2359 exuerit,
622 2317 676 2349 ut
708 2317 754 2348 et
786 2306 845 2348 ad
890 2305 1065 2348 doloris
1109 2305 1229 2347 ictus
1278 2315 1322 2346 et
1367 2304 1430 2347 ad
1482 2304 1731 2363 voluptatis
1784 2293 2026 2348 illecebras
2069 2305 2245 2364 pariter
2288 2303 2530 2363 torperet?

387 2390 499 2450 Quis
532 2401 739 2446 unquam
773 2384 985 2428 omnihus
1019 2383 1261 2426 virtutibus
1299 2383 1363 2426 ita
1394 2384 1645 2426 instructus
1678 2384 1878 2442 prodiit,
1912 2395 1963 2428 ut
2003 2384 2230 2428 cumulata
2261 2385 2309 2426 in
2349 2398 2415 2445 -ses
2436 2399 2528 2426 uno

388 2469 578 2513 haberet
612 2463 993 2527 splendidissima
1025 2479 1233 2523 quaeque
1282 2463 1406 2507 bona
1438 2478 1582 2522 eaque
1614 2463 1663 2506 in
1697 2478 1879 2507 omnem
1911 2457 2107 2509 aetatem
2124 2464 2529 2523 conditionemque

392 2546 639 2593 secutura?
674 2530 941 2606 Sapientem
975 2554 1170 2588 vestrum
1203 2559 1307 2587 cum
1332 2543 1379 2587 in
1405 2558 1580 2586 summo
1604 2540 1684 2585 illo
1715 2542 2017 2603 perfectionis
2041 2544 2240 2589 culmine
2271 2541 2526 2598 collocetis,

392 2631 442 2672 in
477 2622 601 2687 quod
634 2628 672 2670 si
704 2625 776 2671 vel
809 2624 964 2669 animo
998 2640 1051 2667 ac
1084 2634 1235 2667 mente
1268 2624 1497 2676 enitimur,
1531 2623 1750 2683 vertigine
1783 2624 1963 2686 abrepti
1993 2625 2083 2670 huc
2116 2626 2223 2671 illuc
2257 2625 2525 2677 fluctuanus,

458 2885 495 2931 a)
525 2883 680 2919 Seneca
710 2882 826 2931 epist.
856 2888 919 2928 94.
977 2880 1315 2919 Imbecillioribus
1345 2881 1515 2932 ingeniis
1546 2894 1645 2931 opus
1675 2889 1759 2920 est.
1804 2883 1973 2935 aliquem
2000 2883 2184 2934 praeire.
2238 2883 2329 2919 Hoc
2367 2881 2524 2929 vitabis,

542 2948 621 2984 hoc
664 2947 803 2985 facies.
860 2948 896 2994 1²)
934 2947 986 2984 cs.
1028 2948 1170 2985 Senec.
1210 2946 1275 2997 ep.
1309 2948 1394 2988 116.
1426 2956 1465 2984 et
1493 2947 1758 2986 Plutarchum.
1798 2952 1882 3007 πες)
1912 2947 1984 2992 τῶν
2015 2947 2136 2990 κοινῶν
2165 2943 2297 2990 ἐννοιῶν
2313 2941 2407 3004 vebs·
2437 2945 2527 2993 τοὺς

532 3017 763 3075 Στωϊκούς,
807 3022 1003 3072 imprimis
1032 3037 1072 3072 p.
1106 3024 1204 3071 1963
1234 3032 1281 3061 ev
1307 3024 1416 3072 1967,
