2724 3383
1372 192 1463 253 '1⁴2

362 367 619 416 identidem
650 365 886 410 clamasse.
952 362 1076 423 Quin
1108 377 1157 406 se
1199 363 1354 424 ipsum
1390 362 1604 407 HercuIIs
1648 373 1806 424 partes
1847 365 2111 424 suscepisse
2158 363 2326 425 ajebat,
2369 366 2499 410 ideo.

362 464 455 510 que
499 446 686 496 eodem,
746 460 840 502 quo
873 442 953 485 ille
984 442 1232 490 incessisse
1265 453 1504 495 narratur,
1538 442 1731 487 amictu
1738 442 1932 489 Athenis
1963 442 2260 502 circumibat,
2293 443 2498 497 cuilibet,

363 529 494 594 quod
529 526 617 571 sibi
651 523 836 568 obviam
868 521 1019 574 fieret,
1054 522 1177 567 malo
1210 523 1456 568 sortisstmi
1489 515 1612 567 illius
1646 522 1731 567 viri
1764 522 1910 567 instar
1949 521 2256 581 reluctatur-us
2267 522 2336 585 Μ).
2400 524 2502 585 Qu,

357 607 623 656 narratione
677 604 718 648 si
768 602 834 647 nil
874 602 1000 647 aliud
1051 602 1308 655 lucramur,
1363 602 1413 646 id
1445 613 1572 647 certe
1597 592 1711 648 inde
1743 601 1975 676 emergit,
1989 613 2037 647 et
2068 602 2257 676 Gynicis
2288 604 2500 671 Herculis

357 687 606 749 imaginem
638 685 855 729 idoneam
887 683 1031 727 visam
1061 698 1191 735 esse,
1228 698 1319 743 qua
1352 698 1462 727 suos
1496 683 1556 727 ad
1587 682 1706 727 bene
1741 683 1965 743 agendum
1996 683 2261 727 excitarent.

476 768 583 813 Jam
611 765 813 809 redimus
848 763 907 806 ad
935 759 1126 807 alteram
1156 764 1503 824 quaestionem,
1539 778 1678 824 quam
1709 780 1850 826 supra
1879 763 2016 808 nobis
2047 746 2374 825 proposuimus
2407 764 2499 808 ⁸014

355 848 567 894 vendam.
633 845 878 906 Quaeritur
909 843 1115 895 scilicet,
1150 860 1259 886 num
1287 844 1509 888 Hercules
1543 844 1756 888 omnibus
1802 845 2004 888 numeris
2037 844 2290 904 expletum
2318 844 2499 888 virtutis

356 925 616 987 exemplum
649 923 915 968 Stoicorum
947 922 1169 969 arbitratu
1201 922 1506 987 praebuerit?
1540 924 1591 969 Si
1625 924 1730 984 quis
1756 924 1992 985 Sapientis
2024 923 2269 983 imaginem
2298 922 2358 966 ad
2395 923 2499 983 phi,
2565 922 2568 928 '

354 1006 602 1068 losophiae
635 1005 821 1049 decreta
860 1002 1000 1062 exigit
1034 1018 1185 1063 eaque
1227 1014 1278 1047 ut
1322 1003 1382 1047 ad
1421 1019 1618 1064 unguem
1658 1003 1940 1066 respondeat
1969 1004 2255 1066 praeceptis,
2291 1018 2409 1065 quae
2439 1003 2497 1047 ab

356 1088 438 1132 illa
486 1087 536 1129 in
585 1085 787 1128 medium
808 1095 811 1105 ²
836 1082 1158 1141 proferuntur,
1210 1083 1430 1141 postulat,
1475 1084 1691 1147 equidem
1737 1084 1861 1128 haud
1894 1085 1994 1133 scio
2027 1100 2086 1126 an
2117 1084 2296 1137 nullum
2325 1099 2498 1135 comni,

355 1156 474 1228 qnos
509 1179 648 1225 supra
679 1160 877 1220 exempli
907 1160 1016 1203 loce
1046 1161 1313 1203 nominatos
1345 1176 1447 1204 esse
1476 1158 1697 1215 diximus,
1732 1164 1936 1223 exceptis
1967 1163 2284 1223 philosophis,
2316 1164 2345 1206 a'
2377 1163 2500 1207 Stoi.

355 1248 424 1291 cis
455 1247 506 1289 in
537 1260 673 1288 usum
705 1257 837 1286 suum
865 1238 1071 1283 converti
1101 1238 1170 1285 fas
1214 1238 1366 1283 fuerit.
1418 1240 1583 1284 Stoici
1617 1241 1767 1293 enim,
1818 1246 1963 1287 severi
2011 1242 2080 1285 illi
2111 1242 2233 1286 vitae
2264 1257 2497 1295 censores,

355 1327 418 1370 in'
440 1314 605 1386 quovis
638 1322 738 1367 fere
767 1318 988 1365 nonnulla
1020 1318 1276 1362 invenerint
1308 1333 1500 1363 necesse
1533 1329 1604 1363 est
1635 1321 1998 1380 reprehensione
2029 1320 2185 1381 aliqua
2217 1336 2272 1366 ac
2303 1322 2498 1382 castiga-

354 1407 485 1452 tione
519 1404 670 1463 digna.
735 1402 888 1460 Atque
920 1398 1134 1460 profecto
1183 1398 1231 1441 in
1273 1397 1405 1443 libris
1456 1413 1616 1443 eorum
1660 1399 1884 1461 scriptum
1906 1400 2142 1460 degimus,
2185 1402 2264 1444 uni
2296 1402 2497 1456 alterive,

353 1500 502 1548 quem-
523 1484 636 1528 alias
668 1493 890 1542 tanquam
920 1479 1213 1540 splendidum
1244 1480 1422 1522 virtutis
1453 1480 1684 1540 exemplar
1713 1495 1822 1529 suos
1866 1482 2000 1541 sequi
2030 1481 2214 1542 jubent,
2240 1487 2294 1540 r¹)
2332 1472 2502 1527 deteri-

353 1582 482 1611 orem
514 1575 676 1609 notam
705 1576 809 1606 esse
842 1561 1054 1607 inustam.
1121 1560 1327 1604 Scientia
1360 1572 1511 1604 autem
1540 1561 1727 1621 plurimi
1786 1562 1996 1606 destituti
2039 1573 2197 1614 erant,
2253 1564 2351 1606 sine
2407 1578 2498 1622 qua

353 1636 616 1709 perfectum
638 1645 811 1687 bonum
844 1643 1097 1685 consistere
1143 1642 1315 1700 nequit.
1380 1642 1441 1685 At
1480 1658 1589 1686 vero
1640 1642 1789 1686 Stoici
1833 1642 2053 1702 exemplis
2094 1643 2188 1687 suis
2231 1642 2419 1686 minime
2450 1642 2500 1686 id

355 1726 586 1787 consequi
617 1723 862 1768 voluerunt
872 1722 969 1773 {ut
1002 1737 1223 1765 summam
1258 1722 1512 1782 sapientiae
1543 1737 1651 1767 suae
1684 1721 2031 1783 amplitudinem
2063 1735 2200 1784 atque
2234 1723 2502 1783 gravitatem

354 1808 481 1854 illius
511 1804 742 1856 hominis,
776 1817 913 1863 quem
943 1801 1018 1844 hic
1052 1800 1146 1845 illic
1180 1801 1501 1855 laudaverunt,
1544 1803 1636 1847 vita
1678 1803 1907 1848 contineri
1952 1803 2088 1853 nobis
2134 1804 2499 1865 persuaderetur,

349 1903 508 1934 verum
538 1897 588 1930 ut
630 1883 820 1943 singulis
850 1882 1059 1942 placitis,
1102 1883 1140 1926 si
1185 1899 1302 1943 quae
1344 1883 1537 1926 'duriora
1577 1898 1664 1927 nec
1694 1884 1812 1927 vitae
1859 1894 2045 1928 nostrae
2087 1881 2342 1929 rationibus
2386 1885 2499 1931 satis

348 1961 702 2016 accommodata
732 1963 1020 2013 viderentur,
1051 1962 1185 2005 fidem
1218 1963 1422 2022 aliquam
1452 1963 1756 2007 conciliarent
1797 1978 1944 2025 eaque
1976 1980 2002 2008 a
2047 1964 2269 2009 vanitatis
2309 1965 2501 2009 erimine

352 2047 658 2095 vindicarent.
723 2043 950 2104 Quoniam
983 2042 1149 2100 igitur,¹
1168 2050 1273 2086 cum
1305 2042 1375 2086 vel
1404 2058 1513 2087 usus
1547 2038 1789 2104 posceret,
1824 2044 1897 2088 vel
1939 2043 2218 2089 adversariis*
2254 2056 2377 2089 esset
2421 2059 2501 2089 oc-

352 2126 644 2178 currendum,
678 2122 975 2183 ad-‚exempla
1005 2120 1255 2181 confugere
1289 2121 1461 2177 Stoici,
1508 2141 1603 2170 non
1651 2135 1733 2178 est,
1769 2124 1898 2186 quod
1949 2124 2022 2170 his
2055 2130 2203 2169 totum
2225 2175 2228 2177 Α
2250 2124 2502 2186 sapientiae

355 2200 546 2256 Stoicae
576 2205 798 2251 ambitum
828 2202 1147 2253 circumscribi
1181 2214 1480 2249 autumemus.
1543 2204 1680 2267 Quod
1712 2220 1819 2251 vero
1851 2219 2034 2250 omnem
2062 2204 2278 2250 virtutem
2309 2203 2502 2249 scientia

358 2274 501 2338 veluti
535 2285 688 2332 solido
721 2285 1020 2329 fundamento
1053 2298 1155 2327 esse
1188 2272 1594 2346 superstruendam
1627 2286 1856 2339 docuere,
1889 2277 1938 2330 sd
1967 2287 2092 2348 justo
2123 2285 2269 2346 magis
2302 2300 2398 2330 non
2429 2295 2500 2331 est

353 2363 624 2430 urgendum,
690 2366 762 2415 Ut*
787 2366 911 2408 enim
939 2362 1063 2409 nulla
1095 2366 1317 2417 scientia,
1353 2366 1445 2410 nisi
1478 2381 1596 2426 quae
1628 2366 1845 2420 adrecte
1886 2366 2112 2427 agendum
2153 2365 2401 2427 compellat
2432 2375 2500 2409 at-

357 2465 447 2511 que
481 2449 693 2507 instiget,
726 2445 952 2507 prodesse
969 2442 1158 2488 ‘Stoicis
1188 2460 1238 2488 re
1269 2460 1376 2488 vera
1416 2442 1677 2499 videbatur,
1728 2447 1970 2506 omnisque
2014 2446 2313 2519 philosophia
2344 2461 2371 2489 a
2404 2444 2502 2489 mo-

360 2544 462 2574 rum
494 2529 708 2588 vitaeque
741 2524 919 2579 cultura
951 2524 1158 2584 sejuncta
1187 2524 1332 2586 futilis
1374 2536 1420 2569 et
1459 2525 1609 2569 inanis
1658 2525 1990 2571 sententiarum
2019 2525 2355 2587 verborumque
2397 2539 2503 2588 coa-

358 2610 570 2655 cervatio
609 2607 894 2657 habebatur,
950 2606 1014 2656 ita
1065 2606 1179 2665 ipsis
1227 2605 1418 2666 prebari
1448 2606 1630 2673 debuit,
1683 2607 1946 2668 ubicunque
1986 2607 2308 2668 comparebat,
2363 2606 2504 2649 animi

358 2689 626 2750 magnitudo
659 2686 814 2732 rerum
845 2697 1073 2746 gestarum
1105 2685 1352 2747 splendore
1385 2702 1440 2731 ac
1472 2686 1620 2746 gloria
1636 2687 1937 2749 praecellens·
2001 2686 2203 2732 Proinde
2226 2703 2331 2733 cum
2350 2687 2502 2747 magni

357 2772 444 2818 viri
476 2771 808 2835 praestantiam
839 2769 1066 2819 memoria
1098 2767 1379 2820 recolerent,
1433 2757 1546 2813 non‘
1575 2768 1788 2814 instituta
1829 2780 1899 2825 est
1943 2769 2077 2814 anxia
2109 2768 2351 2828 quaestio,
2394 2785 2504 2813 num

422 2966 472 3015 m)
502 2965 632 3017 Buhle
671 2963 915 3002 Geschichte
956 2964 1031 3003 der
1073 2962 1339 3015 Philosophie
1398 2964 1427 3001 1.
1456 2971 1553 3003 tom.
1609 2977 1652 3017 p.
1678 2964 1783 3007 405.
1829 2971 1890 3007 et,
1943 2963 2011 3013 qui
2048 2963 2104 3002 ibi
2150 2964 2335 3011 citantur.
2383 2963 2503 3013 antiq.

520 3014 673 3082 script(
715 3029 840 3068 locos.

434 3100 476 3148 ι)
508 3098 563 3138 cf.
600 3097 743 3134 Senec.
784 3108 847 3145 ep
885 3097 989 3135 nv.
