<?xml version="1.0" encoding="UTF-8"?>
<!DOCTYPE html PUBLIC "-//W3C//DTD XHTML 1.0 Transitional//EN"
    "http://www.w3.org/TR/xhtml1/DTD/xhtml1-transitional.dtd">
<html xmlns="http://www.w3.org/1999/xhtml" xml:lang="en" lang="en">
 <head>
  <title>
</title>
<meta http-equiv="Content-Type" content="text/html;charset=utf-8" />
  <meta name='ocr-system' content='tesseract 3.04.00' />
  <meta name='ocr-capabilities' content='ocr_page ocr_carea ocr_par ocr_line ocrx_word'/>
</head>
<body>
  <div class='ocr_page' id='page_1' title='image "4764147_0009.png"; bbox 0 0 2724 3383; ppageno 0'>
   <div class='ocr_carea' id='block_1_1' title="bbox 499 874 2006 981">
    <p class='ocr_par' dir='ltr' id='par_1_1' title="bbox 499 874 2006 981">
     <span class='ocr_line' id='line_1_1' title="bbox 499 874 2006 981; baseline 0.001 -23"><span class='ocrx_word' id='word_1_1' title='bbox 499 886 616 958; x_wconf 84' lang='lat' dir='ltr'><strong>De</strong></span> <span class='ocrx_word' id='word_1_2' title='bbox 660 874 966 956; x_wconf 81' lang='lat' dir='ltr'><em>Hercule</em></span> <span class='ocrx_word' id='word_1_3' title='bbox 1010 887 1363 979; x_wconf 80' lang='lat' dir='ltr'><strong>Sapientis</strong></span> <span class='ocrx_word' id='word_1_4' title='bbox 1409 887 1627 957; x_wconf 81' lang='lat' dir='ltr'><strong>Stoici</strong></span> <span class='ocrx_word' id='word_1_5' title='bbox 1674 884 2006 981; x_wconf 79' lang='lat' dir='ltr'><strong>exemplo.</strong></span> 
     </span>
    </p>
   </div>
   <div class='ocr_carea' id='block_1_2' title="bbox 186 1315 2339 3138">
    <p class='ocr_par' dir='ltr' id='par_1_2' title="bbox 186 1315 2315 2830">
     <span class='ocr_line' id='line_1_2' title="bbox 189 1315 2309 1400; baseline 0 -18"><span class='ocrx_word' id='word_1_6' title='bbox 189 1315 485 1397; x_wconf 60' lang='lat' dir='ltr'><strong>I‘Iabuerunt</strong></span> <span class='ocrx_word' id='word_1_7' title='bbox 526 1337 713 1381; x_wconf 81' lang='lat' dir='ltr'><strong>Stoicae</strong></span> <span class='ocrx_word' id='word_1_8' title='bbox 745 1335 982 1380; x_wconf 82' lang='lat' dir='ltr'><strong>doctrinae</strong></span> <span class='ocrx_word' id='word_1_9' title='bbox 1010 1334 1184 1391; x_wconf 72' lang='lat' dir='ltr'><strong>alumni</strong></span> <span class='ocrx_word' id='word_1_10' title='bbox 1214 1336 1305 1380; x_wconf 86' lang='lat' dir='ltr'><strong>hoc</strong></span> <span class='ocrx_word' id='word_1_11' title='bbox 1338 1350 1442 1381; x_wconf 90' lang='lat' dir='ltr'><strong>cum</strong></span> <span class='ocrx_word' id='word_1_12' title='bbox 1474 1335 1693 1390; x_wconf 86' lang='lat' dir='ltr'><strong>Socrate,</strong></span> <span class='ocrx_word' id='word_1_13' title='bbox 1741 1337 1954 1400; x_wconf 82' lang='lat' dir='ltr'><strong>principe</strong></span> <span class='ocrx_word' id='word_1_14' title='bbox 1994 1321 2077 1383; x_wconf 80' lang='lat' dir='ltr'><strong>illo</strong></span> <span class='ocrx_word' id='word_1_15' title='bbox 2109 1337 2309 1399; x_wconf 84' lang='lat' dir='ltr'><strong>antiqui·</strong></span> 
     </span>
     <span class='ocr_line' id='line_1_3' title="bbox 189 1404 2309 1482; baseline -0.001 -16"><span class='ocrx_word' id='word_1_16' title='bbox 189 1418 299 1466; x_wconf 83' lang='lat' dir='ltr'><strong>tatis</strong></span> <span class='ocrx_word' id='word_1_17' title='bbox 318 1436 320 1438; x_wconf 73' lang='grc'><strong>’</strong></span> <span class='ocrx_word' id='word_1_18' title='bbox 338 1417 749 1482; x_wconf 85' lang='lat' dir='ltr'><strong>philosophorum,</strong></span> <span class='ocrx_word' id='word_1_19' title='bbox 767 1404 771 1408; x_wconf 38' lang='lat'><strong><em>¹</em></strong></span> <span class='ocrx_word' id='word_1_20' title='bbox 787 1430 1052 1468; x_wconf 87' lang='lat' dir='ltr'><strong>commune,</strong></span> <span class='ocrx_word' id='word_1_21' title='bbox 1097 1426 1153 1459; x_wconf 82' lang='lat' dir='ltr'><strong>ut</strong></span> <span class='ocrx_word' id='word_1_22' title='bbox 1189 1415 1371 1461; x_wconf 77' lang='lat' dir='ltr'><strong>virtutis</strong></span> <span class='ocrx_word' id='word_1_23' title='bbox 1421 1415 1630 1461; x_wconf 84' lang='lat' dir='ltr'><strong>moribus</strong></span> <span class='ocrx_word' id='word_1_24' title='bbox 1659 1417 1845 1479; x_wconf 81' lang='lat' dir='ltr'><strong>vitaque</strong></span> <span class='ocrx_word' id='word_1_25' title='bbox 1875 1417 2149 1479; x_wconf 72' lang='lat' dir='ltr'><strong>probandae</strong></span> <span class='ocrx_word' id='word_1_26' title='bbox 2163 1409 2165 1414; x_wconf 31' lang='lat'><strong>¹</strong></span> <span class='ocrx_word' id='word_1_27' title='bbox 2180 1433 2309 1463; x_wconf 85' lang='lat' dir='ltr'><strong>acer-</strong></span> 
     </span>
     <span class='ocr_line' id='line_1_4' title="bbox 187 1483 2312 1560; baseline -0.001 -15"><span class='ocrx_word' id='word_1_28' title='bbox 187 1501 294 1544; x_wconf 84' lang='lat' dir='ltr'>rimi</span> <span class='ocrx_word' id='word_1_29' title='bbox 320 1499 579 1545; x_wconf 79' lang='lat' dir='ltr'><strong>exstiterint</strong></span> <span class='ocrx_word' id='word_1_30' title='bbox 606 1483 813 1542; x_wconf 80' lang='lat' dir='ltr'><strong>vindices</strong></span> <span class='ocrx_word' id='word_1_31' title='bbox 865 1512 922 1540; x_wconf 91' lang='lat' dir='ltr'><strong>ac</strong></span> <span class='ocrx_word' id='word_1_32' title='bbox 959 1507 1299 1556; x_wconf 78' lang='lat' dir='ltr'><strong>praeceptores.</strong></span> <span class='ocrx_word' id='word_1_33' title='bbox 1388 1497 1603 1556; x_wconf 77' lang='lat' dir='ltr'><strong>Namque</strong></span> <span class='ocrx_word' id='word_1_34' title='bbox 1649 1513 1757 1542; x_wconf 89' lang='lat' dir='ltr'><strong>cum</strong></span> <span class='ocrx_word' id='word_1_35' title='bbox 1803 1498 1841 1542; x_wconf 91' lang='lat' dir='ltr'><strong>ii</strong></span> <span class='ocrx_word' id='word_1_36' title='bbox 1885 1498 2312 1560; x_wconf 80' lang='lat' dir='ltr'><strong>philosophantium</strong></span> 
     </span>
     <span class='ocr_line' id='line_1_5' title="bbox 188 1571 2311 1638; baseline 0 -15"><span class='ocrx_word' id='word_1_37' title='bbox 188 1571 365 1632; x_wconf 69' lang='lat' dir='ltr'><strong>mdia,</strong></span> <span class='ocrx_word' id='word_1_38' title='bbox 404 1576 499 1621; x_wconf 87' lang='lat' dir='ltr'><strong>nisi</strong></span> <span class='ocrx_word' id='word_1_39' title='bbox 540 1575 709 1636; x_wconf 85' lang='lat' dir='ltr'><strong>quibus</strong></span> <span class='ocrx_word' id='word_1_40' title='bbox 754 1573 912 1635; x_wconf 86' lang='lat' dir='ltr'><strong>aliqua</strong></span> <span class='ocrx_word' id='word_1_41' title='bbox 956 1590 1064 1619; x_wconf 88' lang='lat' dir='ltr'><strong>cum</strong></span> <span class='ocrx_word' id='word_1_42' title='bbox 1089 1574 1188 1620; x_wconf 79' lang='lat' dir='ltr'><strong>vita</strong></span> <span class='ocrx_word' id='word_1_43' title='bbox 1214 1584 1377 1619; x_wconf 83' lang='lat' dir='ltr'><strong>nostra</strong></span> <span class='ocrx_word' id='word_1_44' title='bbox 1404 1574 1714 1621; x_wconf 78' lang='lat' dir='ltr'><strong>intercederet</strong></span> <span class='ocrx_word' id='word_1_45' title='bbox 1737 1577 1994 1621; x_wconf 82' lang='lat' dir='ltr'><strong>necessitas</strong></span> <span class='ocrx_word' id='word_1_46' title='bbox 2026 1586 2166 1638; x_wconf 80' lang='lat' dir='ltr'><strong>atque</strong></span> <span class='ocrx_word' id='word_1_47' title='bbox 2199 1593 2311 1623; x_wconf 90' lang='lat' dir='ltr'><strong>con-</strong></span> 
     </span>
     <span class='ocr_line' id='line_1_6' title="bbox 188 1653 2310 1720; baseline -0.001 -17"><span class='ocrx_word' id='word_1_48' title='bbox 188 1659 390 1720; x_wconf 86' lang='lat' dir='ltr'><strong>junctio,</strong></span> <span class='ocrx_word' id='word_1_49' title='bbox 431 1655 590 1707; x_wconf 81' lang='lat' dir='ltr'><strong>inania</strong></span> <span class='ocrx_word' id='word_1_50' title='bbox 617 1654 929 1715; x_wconf 82' lang='lat' dir='ltr'><strong>judicassent,</strong></span> <span class='ocrx_word' id='word_1_51' title='bbox 971 1655 1023 1698; x_wconf 86' lang='lat' dir='ltr'><strong>in</strong></span> <span class='ocrx_word' id='word_1_52' title='bbox 1061 1670 1245 1700; x_wconf 88' lang='lat' dir='ltr'><strong>morum</strong></span> <span class='ocrx_word' id='word_1_53' title='bbox 1279 1653 1532 1715; x_wconf 80' lang='lat' dir='ltr'><strong>disciplina</strong></span> <span class='ocrx_word' id='word_1_54' title='bbox 1566 1656 1878 1708; x_wconf 67' lang='lat' dir='ltr'><strong>certioribus,</strong></span> <span class='ocrx_word' id='word_1_55' title='bbox 1917 1672 2056 1715; x_wconf 88' lang='lat' dir='ltr'><strong>quam</strong></span> <span class='ocrx_word' id='word_1_56' title='bbox 2098 1657 2159 1700; x_wconf 89' lang='lat' dir='ltr'><strong>ad</strong></span> <span class='ocrx_word' id='word_1_57' title='bbox 2198 1656 2310 1701; x_wconf 89' lang='lat' dir='ltr'><strong>illud</strong></span> 
     </span>
     <span class='ocr_line' id='line_1_7' title="bbox 189 1733 2311 1798; baseline -0.002 -15"><span class='ocrx_word' id='word_1_58' title='bbox 189 1749 369 1798; x_wconf 87' lang='lat' dir='ltr'><strong>tempus</strong></span> <span class='ocrx_word' id='word_1_59' title='bbox 409 1734 585 1779; x_wconf 88' lang='lat' dir='ltr'><strong>factum</strong></span> <span class='ocrx_word' id='word_1_60' title='bbox 618 1745 769 1787; x_wconf 80' lang='lat' dir='ltr'><strong>esset,</strong></span> <span class='ocrx_word' id='word_1_61' title='bbox 806 1733 1030 1779; x_wconf 90' lang='lat' dir='ltr'><strong>limitibus</strong></span> <span class='ocrx_word' id='word_1_62' title='bbox 1071 1733 1497 1779; x_wconf 89' lang='lat' dir='ltr'><strong>circumscribenda</strong></span> <span class='ocrx_word' id='word_1_63' title='bbox 1528 1734 1755 1794; x_wconf 81' lang='lat' dir='ltr'><strong>novisque</strong></span> <span class='ocrx_word' id='word_1_64' title='bbox 1787 1735 2044 1794; x_wconf 82' lang='lat' dir='ltr'><strong>augmentis</strong></span> <span class='ocrx_word' id='word_1_65' title='bbox 2077 1750 2132 1779; x_wconf 92' lang='lat' dir='ltr'><strong>ac</strong></span> <span class='ocrx_word' id='word_1_66' title='bbox 2163 1735 2311 1779; x_wconf 82' lang='lat' dir='ltr'><strong>subsi-</strong></span> 
     </span>
     <span class='ocr_line' id='line_1_8' title="bbox 189 1811 2312 1876; baseline -0.002 -14"><span class='ocrx_word' id='word_1_67' title='bbox 189 1817 281 1862; x_wconf 87' lang='lat' dir='ltr'><strong>diis</strong></span> <span class='ocrx_word' id='word_1_68' title='bbox 312 1814 578 1869; x_wconf 81' lang='lat' dir='ltr'><strong>exornanda</strong></span> <span class='ocrx_word' id='word_1_69' title='bbox 604 1813 859 1874; x_wconf 85' lang='lat' dir='ltr'><strong>praecipua</strong></span> <span class='ocrx_word' id='word_1_70' title='bbox 887 1828 1049 1857; x_wconf 86' lang='lat' dir='ltr'><strong>eorum</strong></span> <span class='ocrx_word' id='word_1_71' title='bbox 1078 1813 1434 1858; x_wconf 84' lang='lat' dir='ltr'><strong>consumebatur</strong></span> <span class='ocrx_word' id='word_1_72' title='bbox 1465 1828 1608 1874; x_wconf 90' lang='lat' dir='ltr'><strong>opera</strong></span> <span class='ocrx_word' id='word_1_73' title='bbox 1638 1811 1949 1875; x_wconf 66' lang='lat' dir='ltr'><strong>studiumque.</strong></span> <span class='ocrx_word' id='word_1_74' title='bbox 2023 1816 2171 1876; x_wconf 80' lang='lat' dir='ltr'><strong>Quem</strong></span> <span class='ocrx_word' id='word_1_75' title='bbox 2213 1816 2312 1875; x_wconf 87' lang='lat' dir='ltr'><strong>qui-</strong></span> 
     </span>
     <span class='ocr_line' id='line_1_9' title="bbox 187 1892 2311 1956; baseline -0 -14"><span class='ocrx_word' id='word_1_76' title='bbox 187 1897 294 1942; x_wconf 89' lang='lat' dir='ltr'><strong>dem</strong></span> <span class='ocrx_word' id='word_1_77' title='bbox 340 1895 479 1940; x_wconf 82' lang='lat' dir='ltr'><strong>finem</strong></span> <span class='ocrx_word' id='word_1_78' title='bbox 521 1903 1031 1954; x_wconf 80' lang='lat' dir='ltr'><strong>ut·consequerent11r,</strong></span> <span class='ocrx_word' id='word_1_79' title='bbox 1075 1908 1172 1937; x_wconf 88' lang='lat' dir='ltr'><strong>non</strong></span> <span class='ocrx_word' id='word_1_80' title='bbox 1214 1892 1369 1938; x_wconf 86' lang='lat' dir='ltr'><strong>solum</strong></span> <span class='ocrx_word' id='word_1_81' title='bbox 1411 1908 1471 1938; x_wconf 80' lang='lat' dir='ltr'><strong>ea</strong></span> <span class='ocrx_word' id='word_1_82' title='bbox 1507 1894 1837 1955; x_wconf 85' lang='lat' dir='ltr'><strong>philosophiae</strong></span> <span class='ocrx_word' id='word_1_83' title='bbox 1875 1905 2030 1956; x_wconf 85' lang='lat' dir='ltr'><strong>parte,</strong></span> <span class='ocrx_word' id='word_1_84' title='bbox 2093 1912 2209 1956; x_wconf 87' lang='lat' dir='ltr'><strong>quae</strong></span> <span class='ocrx_word' id='word_1_85' title='bbox 2251 1895 2311 1941; x_wconf 89' lang='lat' dir='ltr'><strong>ad</strong></span> 
     </span>
     <span class='ocr_line' id='line_1_10' title="bbox 186 1972 2312 2036; baseline -0 -15"><span class='ocrx_word' id='word_1_86' title='bbox 186 1991 341 2022; x_wconf 88' lang='lat' dir='ltr'><strong>mores</strong></span> <span class='ocrx_word' id='word_1_87' title='bbox 372 1974 600 2036; x_wconf 81' lang='lat' dir='ltr'><strong>pertinet,</strong></span> <span class='ocrx_word' id='word_1_88' title='bbox 644 1984 804 2019; x_wconf 76' lang='lat' dir='ltr'><strong>verum</strong></span> <span class='ocrx_word' id='word_1_89' title='bbox 840 1973 984 2017; x_wconf 89' lang='lat' dir='ltr'><strong>etiam</strong></span> <span class='ocrx_word' id='word_1_90' title='bbox 1021 1972 1198 2034; x_wconf 87' lang='lat' dir='ltr'><strong>duplici</strong></span> <span class='ocrx_word' id='word_1_91' title='bbox 1237 1973 1319 2017; x_wconf 90' lang='lat' dir='ltr'><strong>illa</strong></span> <span class='ocrx_word' id='word_1_92' title='bbox 1359 1974 1633 2034; x_wconf 78' lang='lat' dir='ltr'><strong>quaestione</strong></span> <span class='ocrx_word' id='word_1_93' title='bbox 1668 1974 1730 2018; x_wconf 86' lang='lat' dir='ltr'><strong>de</strong></span> <span class='ocrx_word' id='word_1_94' title='bbox 1765 1975 2029 2019; x_wconf 85' lang='lat' dir='ltr'><strong>disserendi</strong></span> <span class='ocrx_word' id='word_1_95' title='bbox 2057 1976 2247 2020; x_wconf 43' lang='lat' dir='ltr'><strong>ratione*</strong></span> <span class='ocrx_word' id='word_1_96' title='bbox 2267 1988 2312 2020; x_wconf 89' lang='lat' dir='ltr'><strong>et</strong></span> 
     </span>
     <span class='ocr_line' id='line_1_11' title="bbox 187 2040 2310 2115; baseline -0.001 -15"><span class='ocrx_word' id='word_1_97' title='bbox 187 2057 245 2100; x_wconf 87' lang='lat' dir='ltr'><strong>de</strong></span> <span class='ocrx_word' id='word_1_98' title='bbox 275 2049 428 2099; x_wconf 85' lang='lat' dir='ltr'><strong>rerum</strong></span> <span class='ocrx_word' id='word_1_99' title='bbox 457 2065 623 2098; x_wconf 85' lang='lat' dir='ltr'><strong>natura</strong></span> <span class='ocrx_word' id='word_1_100' title='bbox 649 2051 833 2096; x_wconf 83' lang='lat' dir='ltr'><strong>efficere</strong></span> <span class='ocrx_word' id='word_1_101' title='bbox 865 2040 1154 2097; x_wconf 74' lang='lat' dir='ltr'><strong>studuemnt&#39;-</strong></span> <span class='ocrx_word' id='word_1_102' title='bbox 1227 2054 1410 2098; x_wconf 86' lang='lat' dir='ltr'><strong>Etenim</strong></span> <span class='ocrx_word' id='word_1_103' title='bbox 1466 2054 1723 2098; x_wconf 81' lang='lat' dir='ltr'><strong>disserendi</strong></span> <span class='ocrx_word' id='word_1_104' title='bbox 1773 2049 1923 2107; x_wconf 74' lang='lat' dir='ltr'><strong>ratio,</strong></span> <span class='ocrx_word' id='word_1_105' title='bbox 1980 2056 2152 2115; x_wconf 79' lang='lat' dir='ltr'><strong>quippe</strong></span> <span class='ocrx_word' id='word_1_106' title='bbox 2194 2070 2310 2114; x_wconf 87' lang='lat' dir='ltr'><strong>quae</strong></span> 
     </span>
     <span class='ocr_line' id='line_1_12' title="bbox 188 2132 2311 2195; baseline -0 -17"><span class='ocrx_word' id='word_1_107' title='bbox 188 2135 303 2195; x_wconf 88' lang='lat' dir='ltr'><strong>quid</strong></span> <span class='ocrx_word' id='word_1_108' title='bbox 331 2134 428 2181; x_wconf 75' lang='lat' dir='ltr'><strong>veri</strong></span> <span class='ocrx_word' id='word_1_109' title='bbox 459 2145 542 2178; x_wconf 85' lang='lat' dir='ltr'><strong>aut</strong></span> <span class='ocrx_word' id='word_1_110' title='bbox 567 2132 679 2177; x_wconf 87' lang='lat' dir='ltr'><strong>falsi</strong></span> <span class='ocrx_word' id='word_1_111' title='bbox 716 2132 857 2177; x_wconf 78' lang='lat' dir='ltr'><strong>rebus</strong></span> <span class='ocrx_word' id='word_1_112' title='bbox 893 2133 1005 2176; x_wconf 89' lang='lat' dir='ltr'><strong>insit</strong></span> <span class='ocrx_word' id='word_1_113' title='bbox 1060 2134 1339 2193; x_wconf 78' lang='lat' dir='ltr'><strong>pervestiget</strong></span> <span class='ocrx_word' id='word_1_114' title='bbox 1379 2149 1438 2178; x_wconf 88' lang='lat' dir='ltr'><strong>ac</strong></span> <span class='ocrx_word' id='word_1_115' title='bbox 1477 2133 1701 2193; x_wconf 83' lang='lat' dir='ltr'><strong>dijudicet</strong></span> <span class='ocrx_word' id='word_1_116' title='bbox 1737 2145 1788 2177; x_wconf 84' lang='lat' dir='ltr'><strong>et</strong></span> <span class='ocrx_word' id='word_1_117' title='bbox 1823 2150 1959 2179; x_wconf 76' lang='lat' dir='ltr'><strong>veras</strong></span> <span class='ocrx_word' id='word_1_118' title='bbox 1987 2150 2141 2178; x_wconf 85' lang='lat' dir='ltr'><strong>rerum</strong></span> <span class='ocrx_word' id='word_1_119' title='bbox 2169 2134 2311 2178; x_wconf 77' lang='lat' dir='ltr'><strong>infor-</strong></span> 
     </span>
     <span class='ocr_line' id='line_1_13' title="bbox 189 2210 2307 2273; baseline -0.001 -14"><span class='ocrx_word' id='word_1_120' title='bbox 189 2225 284 2259; x_wconf 87' lang='lat' dir='ltr'><strong>met</strong></span> <span class='ocrx_word' id='word_1_121' title='bbox 324 2214 482 2258; x_wconf 88' lang='lat' dir='ltr'><strong>animo</strong></span> <span class='ocrx_word' id='word_1_122' title='bbox 516 2212 762 2265; x_wconf 83' lang='lat' dir='ltr'><strong>notiones,</strong></span> <span class='ocrx_word' id='word_1_123' title='bbox 801 2212 862 2256; x_wconf 89' lang='lat' dir='ltr'><strong>ah</strong></span> <span class='ocrx_word' id='word_1_124' title='bbox 912 2210 1086 2257; x_wconf 79' lang='lat' dir='ltr'><strong>erroris</strong></span> <span class='ocrx_word' id='word_1_125' title='bbox 1121 2212 1433 2272; x_wconf 78' lang='lat' dir='ltr'><strong>vanitatisque</strong></span> <span class='ocrx_word' id='word_1_126' title='bbox 1474 2212 1685 2273; x_wconf 86' lang='lat' dir='ltr'><strong>periculo</strong></span> <span class='ocrx_word' id='word_1_127' title='bbox 1724 2229 1811 2257; x_wconf 87' lang='lat' dir='ltr'><strong>nos</strong></span> <span class='ocrx_word' id='word_1_128' title='bbox 1862 2214 2088 2258; x_wconf 83' lang='lat' dir='ltr'><strong>immunes</strong></span> <span class='ocrx_word' id='word_1_129' title='bbox 2133 2214 2307 2269; x_wconf 88' lang='lat' dir='ltr'><strong>reddit,</strong></span> 
     </span>
     <span class='ocr_line' id='line_1_14' title="bbox 190 2291 2311 2354; baseline -0.002 -15"><span class='ocrx_word' id='word_1_130' title='bbox 190 2293 297 2339; x_wconf 85' lang='lat' dir='ltr'><strong>illae</strong></span> <span class='ocrx_word' id='word_1_131' title='bbox 337 2309 453 2353; x_wconf 19' lang='lat' dir='ltr'><strong>vero*</strong></span> <span class='ocrx_word' id='word_1_132' title='bbox 508 2291 805 2354; x_wconf 79' lang='lat' dir='ltr'><strong>quaestiones</strong></span> <span class='ocrx_word' id='word_1_133' title='bbox 853 2291 1103 2345; x_wconf 85' lang='lat' dir='ltr'><strong>naturales,</strong></span> <span class='ocrx_word' id='word_1_134' title='bbox 1157 2307 1261 2336; x_wconf 89' lang='lat' dir='ltr'><strong>cum</strong></span> <span class='ocrx_word' id='word_1_135' title='bbox 1302 2291 1355 2335; x_wconf 80' lang='lat' dir='ltr'><strong>in</strong></span> <span class='ocrx_word' id='word_1_136' title='bbox 1390 2303 1618 2336; x_wconf 79' lang='lat' dir='ltr'><strong>extremas</strong></span> <span class='ocrx_word' id='word_1_137' title='bbox 1654 2308 1813 2336; x_wconf 89' lang='lat' dir='ltr'><strong>rerum</strong></span> <span class='ocrx_word' id='word_1_138' title='bbox 1855 2308 2017 2336; x_wconf 79' lang='lat' dir='ltr'><strong>causas</strong></span> <span class='ocrx_word' id='word_1_139' title='bbox 2076 2292 2311 2352; x_wconf 88' lang='lat' dir='ltr'><strong>inquirant</strong></span> 
     </span>
     <span class='ocr_line' id='line_1_15' title="bbox 190 2354 2309 2435; baseline -0.002 -16"><span class='ocrx_word' id='word_1_140' title='bbox 190 2388 404 2435; x_wconf 81' lang='lat' dir='ltr'><strong>quaeque</strong></span> <span class='ocrx_word' id='word_1_141' title='bbox 442 2384 491 2417; x_wconf 88' lang='lat' dir='ltr'><strong>et</strong></span> <span class='ocrx_word' id='word_1_142' title='bbox 528 2372 619 2416; x_wconf 90' lang='lat' dir='ltr'><strong>Dei</strong></span> <span class='ocrx_word' id='word_1_143' title='bbox 676 2372 823 2432; x_wconf 80' lang='lat' dir='ltr'><strong>ipsius</strong></span> <span class='ocrx_word' id='word_1_144' title='bbox 865 2383 915 2416; x_wconf 80' lang='lat' dir='ltr'><strong>et</strong></span> <span class='ocrx_word' id='word_1_145' title='bbox 941 2371 1101 2416; x_wconf 88' lang='lat' dir='ltr'><strong>mundi</strong></span> <span class='ocrx_word' id='word_1_146' title='bbox 1146 2372 1209 2417; x_wconf 86' lang='lat' dir='ltr'><strong>sit</strong></span> <span class='ocrx_word' id='word_1_147' title='bbox 1248 2382 1416 2416; x_wconf 87' lang='lat' dir='ltr'><strong>natura</strong></span> <span class='ocrx_word' id='word_1_148' title='bbox 1445 2354 1673 2425; x_wconf 78' lang='lat' dir='ltr'><strong>doceant,</strong></span> <span class='ocrx_word' id='word_1_149' title='bbox 1715 2387 1941 2416; x_wconf 89' lang='lat' dir='ltr'><strong>summam</strong></span> <span class='ocrx_word' id='word_1_150' title='bbox 1977 2371 2104 2415; x_wconf 90' lang='lat' dir='ltr'><strong>illam</strong></span> <span class='ocrx_word' id='word_1_151' title='bbox 2148 2370 2309 2430; x_wconf 88' lang='lat' dir='ltr'><strong>Iegem,</strong></span> 
     </span>
     <span class='ocr_line' id='line_1_16' title="bbox 192 2450 2312 2514; baseline -0.002 -16"><span class='ocrx_word' id='word_1_152' title='bbox 192 2452 475 2514; x_wconf 82' lang='lat' dir='ltr'><strong>quaomnia</strong></span> <span class='ocrx_word' id='word_1_153' title='bbox 505 2450 762 2496; x_wconf 86' lang='lat' dir='ltr'><strong>constricta</strong></span> <span class='ocrx_word' id='word_1_154' title='bbox 788 2461 1029 2503; x_wconf 82' lang='lat' dir='ltr'><strong>tenentur,</strong></span> <span class='ocrx_word' id='word_1_155' title='bbox 1063 2451 1202 2495; x_wconf 85' lang='lat' dir='ltr'><strong>nobis</strong></span> <span class='ocrx_word' id='word_1_156' title='bbox 1231 2463 1517 2512; x_wconf 77' lang='lat' dir='ltr'><strong>proponunt.</strong></span> <span class='ocrx_word' id='word_1_157' title='bbox 1596 2451 1692 2496; x_wconf 87' lang='lat' dir='ltr'><strong>Sed</strong></span> <span class='ocrx_word' id='word_1_158' title='bbox 1727 2452 1928 2494; x_wconf 84' lang='lat' dir='ltr'><strong>alienum</strong></span> <span class='ocrx_word' id='word_1_159' title='bbox 1964 2462 2034 2494; x_wconf 91' lang='lat' dir='ltr'><strong>est</strong></span> <span class='ocrx_word' id='word_1_160' title='bbox 2081 2450 2139 2494; x_wconf 87' lang='lat' dir='ltr'><strong>ab</strong></span> <span class='ocrx_word' id='word_1_161' title='bbox 2181 2451 2312 2494; x_wconf 84' lang='lat' dir='ltr'><strong>insti-</strong></span> 
     </span>
     <span class='ocr_line' id='line_1_17' title="bbox 190 2529 2311 2592; baseline -0.001 -15"><span class='ocrx_word' id='word_1_162' title='bbox 190 2544 290 2591; x_wconf 85' lang='lat' dir='ltr'><strong>tuto</strong></span> <span class='ocrx_word' id='word_1_163' title='bbox 320 2546 453 2584; x_wconf 81' lang='lat' dir='ltr'><strong>meo,</strong></span> <span class='ocrx_word' id='word_1_164' title='bbox 490 2530 682 2575; x_wconf 88' lang='lat' dir='ltr'><strong>Stoicae.</strong></span> <span class='ocrx_word' id='word_1_165' title='bbox 707 2529 1036 2590; x_wconf 88' lang='lat' dir='ltr'><strong>philosophiae</strong></span> <span class='ocrx_word' id='word_1_166' title='bbox 1075 2529 1282 2574; x_wconf 85' lang='lat' dir='ltr'><strong>indolem</strong></span> <span class='ocrx_word' id='word_1_167' title='bbox 1309 2541 1449 2591; x_wconf 89' lang='lat' dir='ltr'><strong>atque</strong></span> <span class='ocrx_word' id='word_1_168' title='bbox 1480 2530 1718 2590; x_wconf 83' lang='lat' dir='ltr'><strong>ingenium</strong></span> <span class='ocrx_word' id='word_1_169' title='bbox 1755 2529 1981 2592; x_wconf 78' lang='lat' dir='ltr'><strong>prolixius</strong></span> <span class='ocrx_word' id='word_1_170' title='bbox 2007 2545 2283 2589; x_wconf 88' lang='lat' dir='ltr'><strong>percensere</strong></span> <span class='ocrx_word' id='word_1_171' title='bbox 2294 2548 2311 2588; x_wconf 79' lang='lat'>3</span> 
     </span>
     <span class='ocr_line' id='line_1_18' title="bbox 190 2608 2313 2675; baseline -0.002 -16"><span class='ocrx_word' id='word_1_172' title='bbox 190 2628 342 2675; x_wconf 83' lang='lat' dir='ltr'><strong>pauca</strong></span> <span class='ocrx_word' id='word_1_173' title='bbox 366 2621 561 2663; x_wconf 82' lang='lat' dir='ltr'><strong>tantum,</strong></span> <span class='ocrx_word' id='word_1_174' title='bbox 599 2625 720 2670; x_wconf 87' lang='lat' dir='ltr'><strong>quae</strong></span> <span class='ocrx_word' id='word_1_175' title='bbox 748 2609 808 2654; x_wconf 84' lang='lat' dir='ltr'><strong>ad</strong></span> <span class='ocrx_word' id='word_1_176' title='bbox 847 2624 1028 2654; x_wconf 88' lang='lat' dir='ltr'><strong>morum</strong></span> <span class='ocrx_word' id='word_1_177' title='bbox 1055 2609 1347 2673; x_wconf 87' lang='lat' dir='ltr'><strong>disciplinam</strong></span> <span class='ocrx_word' id='word_1_178' title='bbox 1378 2621 1612 2672; x_wconf 84' lang='lat' dir='ltr'><strong>spectant,</strong></span> <span class='ocrx_word' id='word_1_179' title='bbox 1655 2620 1761 2655; x_wconf 89' lang='lat' dir='ltr'><strong>sunt</strong></span> <span class='ocrx_word' id='word_1_180' title='bbox 1791 2608 2042 2662; x_wconf 89' lang='lat' dir='ltr'><strong>monenda,</strong></span> <span class='ocrx_word' id='word_1_181' title='bbox 2084 2620 2150 2663; x_wconf 90' lang='lat' dir='ltr'><strong>ut,</strong></span> <span class='ocrx_word' id='word_1_182' title='bbox 2195 2625 2313 2671; x_wconf 90' lang='lat' dir='ltr'><strong>quae</strong></span> 
     </span>
     <span class='ocr_line' id='line_1_19' title="bbox 191 2688 2315 2751; baseline 0 -17"><span class='ocrx_word' id='word_1_183' title='bbox 191 2692 309 2735; x_wconf 80' lang='lat' dir='ltr'><strong>infra</strong></span> <span class='ocrx_word' id='word_1_184' title='bbox 354 2691 416 2736; x_wconf 87' lang='lat' dir='ltr'><strong>de</strong></span> <span class='ocrx_word' id='word_1_185' title='bbox 459 2689 656 2734; x_wconf 87' lang='lat' dir='ltr'><strong>Hercule</strong></span> <span class='ocrx_word' id='word_1_186' title='bbox 718 2688 953 2749; x_wconf 86' lang='lat' dir='ltr'><strong>Sapientis</strong></span> <span class='ocrx_word' id='word_1_187' title='bbox 989 2690 1141 2734; x_wconf 89' lang='lat' dir='ltr'><strong>Stoici</strong></span> <span class='ocrx_word' id='word_1_188' title='bbox 1193 2690 1400 2751; x_wconf 84' lang='lat' dir='ltr'><strong>exemplo</strong></span> <span class='ocrx_word' id='word_1_189' title='bbox 1449 2689 1833 2750; x_wconf 72' lang='lat' dir='ltr'><strong>disputabuntur,</strong></span> <span class='ocrx_word' id='word_1_190' title='bbox 1900 2689 2069 2733; x_wconf 85' lang='lat' dir='ltr'><strong>melius</strong></span> <span class='ocrx_word' id='word_1_191' title='bbox 2130 2690 2315 2750; x_wconf 90' lang='lat' dir='ltr'><strong>possint</strong></span> 
     </span>
     <span class='ocr_line' id='line_1_20' title="bbox 192 2770 404 2830; baseline 0 -17"><span class='ocrx_word' id='word_1_192' title='bbox 192 2770 404 2830; x_wconf 82' lang='lat' dir='ltr'><strong>intelligi.</strong></span> 
     </span>
    </p>

    <p class='ocr_par' dir='ltr' id='par_1_3' title="bbox 189 2846 2339 3073">
     <span class='ocr_line' id='line_1_21' title="bbox 316 2846 2339 2909; baseline 0 -16"><span class='ocrx_word' id='word_1_193' title='bbox 316 2851 503 2893; x_wconf 91' lang='lat' dir='ltr'><strong>Summa</strong></span> <span class='ocrx_word' id='word_1_194' title='bbox 561 2864 673 2894; x_wconf 82' lang='lat' dir='ltr'><strong>vero</strong></span> <span class='ocrx_word' id='word_1_195' title='bbox 718 2846 987 2893; x_wconf 80' lang='lat' dir='ltr'><strong>Stoicorum</strong></span> <span class='ocrx_word' id='word_1_196' title='bbox 1033 2864 1143 2893; x_wconf 88' lang='lat' dir='ltr'><strong>cura</strong></span> <span class='ocrx_word' id='word_1_197' title='bbox 1191 2849 1243 2893; x_wconf 84' lang='lat' dir='ltr'><strong>in</strong></span> <span class='ocrx_word' id='word_1_198' title='bbox 1290 2848 1499 2893; x_wconf 82' lang='lat' dir='ltr'><strong>moribus</strong></span> <span class='ocrx_word' id='word_1_199' title='bbox 1536 2848 1760 2908; x_wconf 80' lang='lat' dir='ltr'><strong>fingendis</strong></span> <span class='ocrx_word' id='word_1_200' title='bbox 1804 2864 1867 2892; x_wconf 89' lang='lat' dir='ltr'><strong>eo</strong></span> <span class='ocrx_word' id='word_1_201' title='bbox 1913 2849 2227 2909; x_wconf 82' lang='lat' dir='ltr'><strong>dirigebatur,</strong></span> <span class='ocrx_word' id='word_1_202' title='bbox 2265 2862 2339 2894; x_wconf 82' lang='lat' dir='ltr'><strong>ut.</strong></span> 
     </span>
     <span class='ocr_line' id='line_1_22' title="bbox 189 2928 2316 2993; baseline 0.001 -21"><span class='ocrx_word' id='word_1_203' title='bbox 189 2928 424 2973; x_wconf 85' lang='lat' dir='ltr'><strong>hominem</strong></span> <span class='ocrx_word' id='word_1_204' title='bbox 454 2929 504 2993; x_wconf 88' lang='lat' dir='ltr'><strong>in</strong></span> <span class='ocrx_word' id='word_1_205' title='bbox 534 2928 649 2974; x_wconf 92' lang='lat' dir='ltr'><strong>illud</strong></span> <span class='ocrx_word' id='word_1_206' title='bbox 677 2929 985 2990; x_wconf 82' lang='lat' dir='ltr'><strong>praestantiae</strong></span> <span class='ocrx_word' id='word_1_207' title='bbox 1020 2929 1352 2992; x_wconf 75' lang='lat' dir='ltr'><strong>dignitatisque</strong></span> <span class='ocrx_word' id='word_1_208' title='bbox 1373 2928 1605 2990; x_wconf 83' lang='lat' dir='ltr'><strong>fastigium</strong></span> <span class='ocrx_word' id='word_1_209' title='bbox 1635 2928 1879 2975; x_wconf 79' lang='lat' dir='ltr'><strong>eveherent</strong></span> <span class='ocrx_word' id='word_1_210' title='bbox 1893 2960 1909 2983; x_wconf 85' lang='lat'><strong><em>,</em></strong></span> <span class='ocrx_word' id='word_1_211' title='bbox 1952 2946 2046 2991; x_wconf 88' lang='lat' dir='ltr'><strong>quo</strong></span> <span class='ocrx_word' id='word_1_212' title='bbox 2079 2930 2138 2975; x_wconf 89' lang='lat' dir='ltr'><strong>ab</strong></span> <span class='ocrx_word' id='word_1_213' title='bbox 2169 2940 2316 2975; x_wconf 89' lang='lat' dir='ltr'><strong>exter-</strong></span> 
     </span>
     <span class='ocr_line' id='line_1_23' title="bbox 191 2995 2317 3073; baseline 0.001 -20"><span class='ocrx_word' id='word_1_214' title='bbox 191 3024 357 3054; x_wconf 90' lang='lat' dir='ltr'><strong>narum</strong></span> <span class='ocrx_word' id='word_1_215' title='bbox 384 3024 542 3056; x_wconf 87' lang='lat' dir='ltr'><strong>rerum</strong></span> <span class='ocrx_word' id='word_1_216' title='bbox 569 3020 792 3057; x_wconf 89' lang='lat' dir='ltr'><strong>contactu</strong></span> <span class='ocrx_word' id='word_1_217' title='bbox 825 3020 953 3056; x_wconf 65' lang='lat' dir='ltr'><strong>tutus.</strong></span> <span class='ocrx_word' id='word_1_218' title='bbox 986 3011 1276 3073; x_wconf 81' lang='lat' dir='ltr'><strong>rationisque</strong></span> <span class='ocrx_word' id='word_1_219' title='bbox 1307 3025 1424 3057; x_wconf 86' lang='lat' dir='ltr'><strong>suae</strong></span> <span class='ocrx_word' id='word_1_220' title='bbox 1459 3009 1654 3072; x_wconf 87' lang='lat' dir='ltr'><strong>imperio</strong></span> <span class='ocrx_word' id='word_1_221' title='bbox 1697 3010 1852 3056; x_wconf 85' lang='lat' dir='ltr'><strong>omnia</strong></span> <span class='ocrx_word' id='word_1_222' title='bbox 1890 3009 2162 3057; x_wconf 86' lang='lat' dir='ltr'><strong>submittens</strong></span> <span class='ocrx_word' id='word_1_223' title='bbox 2175 3040 2189 3064; x_wconf 90' lang='lat'><strong><em>,</em></strong></span> <span class='ocrx_word' id='word_1_224' title='bbox 2221 2995 2317 3055; x_wconf 85' lang='lat' dir='ltr'><strong>Dei</strong></span> 
     </span>
    </p>

    <p class='ocr_par' dir='ltr' id='par_1_4' title="bbox 704 3088 1790 3138">
     <span class='ocr_line' id='line_1_24' title="bbox 704 3088 1790 3138; baseline -0.001 -45"><span class='ocrx_word' id='word_1_225' title='bbox 704 3088 708 3093; x_wconf 15' lang='lat' dir='ltr'><strong>n</strong></span> <span class='ocrx_word' id='word_1_226' title='bbox 1722 3099 1746 3138; x_wconf 65' lang='lat'>1</span> <span class='ocrx_word' id='word_1_227' title='bbox 1764 3091 1790 3117; x_wconf 36' lang='grc' dir='ltr'>ὓ</span> 
     </span>
    </p>
   </div>
   <div class='ocr_carea' id='block_1_3' title="bbox 2549 0 2724 261">
    <p class='ocr_par' dir='ltr' id='par_1_5' title="bbox 2549 0 2724 261">
     <span class='ocr_line' id='line_1_25' title="bbox 2549 0 2724 261; baseline 0 3122"><span class='ocrx_word' id='word_1_228' title='bbox 2549 0 2724 261; x_wconf 95' lang='lat' dir='ltr'><strong> </strong></span> 
     </span>
    </p>
   </div>
  </div>
 </body>
</html>
