2724 3383
1242 226 1290 270 Μ

195 384 498 434 tractantibus
531 393 689 425 ansam
715 356 934 441 praebeat
964 378 1100 423 altius
1131 378 1309 438 aliquid
1342 379 1429 439 sub
1456 390 1641 425 externa
1668 379 1824 441 specie
1853 379 2104 449 divinandi.
2139 381 2322 434 Deinde
2400 396 2407 401 ’

195 469 335 514 etiam
362 467 452 510 hae
481 460 638 507 fuisse
659 458 905 506 Prodicum
951 458 1215 518 religione
1224 474 1281 503 ac
1320 448 1597 503 verecundia
1633 460 1914 520 putaverim,
1948 450 2027 514 ut,
2058 460 2150 506 nisi
2181 462 2327 523 ipsius

191 544 395 595 narratio
427 540 699 586 auctoritate
728 538 928 600 quadam
965 534 1219 598 antiquitus
1251 538 1425 583 tradita
1454 537 1611 582 innixa
1650 549 1798 591 esset,
1849 539 1917 583 rei
1960 555 2015 584 ex
2061 540 2186 601 vulgi
2219 543 2321 603 opi-

192 617 334 671 nione
363 634 521 665 sacrae
540 630 722 664 *norum
758 632 944 663 sensum
974 617 1221 662 obtr‘udere
1260 618 1532 662 dubitasset.
1597 618 1718 679 Quid
1748 618 1924 677 igitur?
1972 622 2046 664 An
2091 621 2244 666 Stoici
2272 637 2327 665 ex

192 703 294 749 aliis
323 700 530 747 sontibus
561 699 835 751 hauserunt,
871 706 988 759 quae
1019 697 1077 743 de
1095 695 1296 743 Hercule
1329 695 1598 743 tradidere?
1661 700 1777 751 Res,
1810 710 1862 743 ut
1890 715 1995 744 mea
2024 700 2115 747 fert
2147 687 2327 764 opinio,

189 784 254 830 ita
285 798 336 829 se
364 781 518 826 habet.
579 778 756 823 Multae
783 777 905 839 apud
954 777 1160 823 Graecos
1198 777 1558 839 percrebuerunt
1611 774 1980 825 narratiunculae
2013 784 2059 826 et
2093 783 2319 827 sermoni·

189 866 277 911 hus
305 871 594 926 propagatae,
617 871 663 905 et
710 858 879 904 litteris
928 858 1226 919 consignatae
1245 890 1259 913 ,
1317 867 1448 920 quae*
1474 859 1737 905 universam
1777 859 1934 905 herois
1981 863 2131 907 nostri
2183 864 2325 909 vitam

189 936 299 991 inde
329 944 389 990 ab
419 940 713 989 incunabulis
755 951 906 987 actam
938 940 1158 986 continua
1199 940 1411 986 oratione
1452 938 1867 1000 prosequebantur.
1932 943 2174 988 Praeterea
2214 959 2324 991 vero

189 1025 399 1071 exstabat
453 1022 706 1067 carminum
763 1021 886 1066 inter
928 1035 979 1065 se
1029 1021 1296 1082 junctorum
1342 1031 1388 1065 et
1417 1020 1512 1080 jam
1543 1019 1722 1080 Ogygia
1753 1030 1927 1075 aetate,
1981 1032 2031 1067 ut
2060 1024 2126 1068 ita
2157 1022 2324 1079 dicam,

188 1105 446 1153 effictorum
477 1102 618 1147 series
649 1112 788 1162 atque
821 1100 960 1154 ordo,
993 1093 1213 1157 Ηςσίκλιιι
1245 1101 1375 1153 dieo,
1405 1099 1585 1160 quibus
1605 1098 1655 1144 id
1685 1100 1775 1145 fuit
1804 1102 2066 1162 peculiare,
2107 1115 2172 1159 ut,
2208 1119 2323 1166 quas

187 1183 420 1232 Hercules
435 1165 645 1229 subierat
673 1182 884 1227 fortunae
915 1181 1255 1231 vicissitudines
1286 1181 1481 1237 ejusque
1510 1180 1672 1230 facta,
1705 1180 1903 1224 maxima
1943 1184 2158 1239 minima,
2217 1185 2323 1230 dili,

187 1265 451 1326 gentissime
481 1273 791 1308 recenserent
855 1260 977 1303 Fieri
1009 1268 1162 1302 autem
1192 1272 1288 1302 non
1318 1255 1494 1318 potuit,
1546 1257 1662 1318 quin
1701 1258 1772 1303 his
1827 1248 2170 1307 narrationibus
2208 1279 2318 1308 car·

186 1345 477 1406 minibusque
516 1340 658 1387 animi
690 1338 914 1400 quaedam
945 1338 1130 1383 bonitas
1161 1337 1532 1400 praedicaretur,
1569 1336 1716 1398 quid?
1756 1339 1885 1399 quod
1924 1341 2042 1387 adeo
2072 1343 2321 1390 verisimile

187 1438 281 1480 est,
303 1423 507 1484 >singulis
543 1418 819 1482 quibusdam
848 1433 1018 1482 eorumj
1037 1417 1247 1479 partibus
1281 1418 1329 1462 id
1359 1417 1504 1462 fuisse
1534 1419 1853 1482 propositum,
1896 1433 1969 1476 ut,
2015 1435 2190 1485 quanto
2224 1434 2320 1469 sm.

186 1508 266 1550 dio
298 1503 526 1549 Hercules
554 1502 614 1545 ad
644 1500 868 1561 optimum
897 1499 1100 1560 quidque
1133 1498 1438 1559 adspirasset,
1481 1498 1533 1542 id
1574 1499 1838 1558 singulatim
1867 1504 2181 1549 ostenderent.
2244 1504 2320 1551 Ab

183 1587 324 1645 largis
354 1585 483 1628 hisce
515 1582 664 1642 copiis
697 1580 875 1640 antiqui
906 1577 1179 1640 scriptores,
1231 1591 1283 1624 ut
1314 1571 1546 1640 *cujusque
1586 1579 1705 1623 ratio
1743 1582 2042 1640 postulabat,
2086 1584 2314 1628 alimenta

185 1683 265 1711 sua
295 1664 553 1723 auxiliaque
584 1661 782 1727 mutuati
813 1671 943 1713 sunt,
979 1676 1082 1705 cum
1113 1659 1325 1705 Herculis
1357 1659 1536 1705 mentio
1568 1658 1783 1705 facienda
1812 1674 1951 1713 esset.
2013 1663 2283 1708 Proindefa-

183 1746 273 1793 cile
304 1744 536 1797 adducor,
596 1751 649 1786 ut
697 1751 744 1785 et
795 1740 982 1797 Stoicos
1028 1756 1081 1791 ex
1124 1740 1197 1785 his
1235 1738 1442 1785 fontibus
1474 1738 1637 1785 latices
1670 1740 1851 1802 aliquos
1885 1743 2117 1790 derivasse
2147 1756 2313 1806 putem.

181 1827 320 1873 Nulla
350 1826 473 1870 enim
504 1823 624 1868 ratio
656 1821 914 1883 probabilis
966 1820 1139 1866 adferri
1189 1832 1369 1882 potest,
1427 1836 1510 1865 cur
1557 1835 1766 1867 rumores
1818 1823 1924 1868 illos
1994 1841 2049 1870 ac
2100 1836 2314 1886 poemata

184 1909 276 1970 jam
307 1921 363 1952 ea
396 1915 567 1959 aetate,
603 1918 693 1965 qua
724 1901 988 1948 Stoicorum
1021 1901 1234 1947 doctrina
1265 1900 1453 1947 condita
1495 1910 1588 1954 est,
1632 1902 1855 1963 temporis
1887 1902 2056 1965 injuria
2116 1906 2313 1952 interce-

179 2000 261 2050 pta
281 2003 384 2033 esse
408 1997 675 2032 statuamus.
741 1983 836 2027 Sed
866 1982 1211 2030 haud'difficile
1241 1993 1388 2035 esset,
1421 1982 1551 2026 litem
1582 1998 1886 2044 componere,
1920 1985 1960 2030 si
1980 1985 2151 2042 libelli,
2181 2003 2313 2049 quos,

177 2069 387 2128 Diogene
415 2066 601 2111 Laertio
632 2073 748 2108 teste
771 2065 825 2118 ¹),
880 2065 1204 2116 Antisthenes,
1249 2064 1528 2124 Cynicorum
1559 2063 1672 2116 dux,
1708 2065 1987 2126 conscripsit
2001 2096 2015 2120 ,
2062 2068 2122 2112 ad
2154 2079 2314 2112 nostra

177 2161 390 2209 tempora
417 2145 747 2208 pervenissent.
811 2145 994 2190 Etenim
1032 2160 1087 2188 ex
1127 2144 1271 2189 altera
1313 2154 1446 2203 parte
1488 2143 1604 2188 nihil
1648 2144 1829 2198 obstat,
1887 2148 2133 2206 quominus
2180 2149 2312 2193 Anti-

179 2229 413 2282 sthenem,
455 2227 627 2289 quippe
660 2226 739 2286 qui
768 2224 974 2286 aequalis
1005 2223 1142 2269 fuerit
1173 2224 1382 2278 Prodici,
1418 2224 1466 2269 in
1497 2223 1785 2285 explananda
1831 2225 1990 2271 fabula
2020 2228 2212 2289 proprio
2243 2227 2310 2272 in-

177 2310 314 2369 genio
355 2324 489 2353 usum
522 2324 625 2353 esse
658 2307 917 2359 credamus,
967 2320 1020 2349 ex
1050 2305 1195 2360 altera
1225 2321 1335 2350 vero
1364 2315 1501 2367 -parte
1542 2305 1614 2351 his
1661 2309 2128 2354 commentationibus
2172 2309 2308 2369 copia

176 2390 314 2434 nobis
344 2390 475 2433 fieret
520 2388 838 2447 dignoscendi,
873 2401 1011 2447 quam
1050 2386 1140 2430 vim
1178 2386 1498 2446 rationemque
1539 2395 1586 2429 et
1631 2385 1680 2429 in
1719 2386 1793 2433 his
1818 2388 1973 2435 ,rebus
2021 2389 2310 2440 exhibuerint

176 2470 455 2530 Cynicorum
484 2484 643 2529 greges
677 2469 726 2512 in
759 2468 969 2520 Stoicos,
1005 2480 1122 2526 quos
1155 2465 1341 2512 illorum
1371 2465 1837 2527 vestigia.'pressisse
1863 2469 1933 2512 in
1965 2470 2182 2516 confesso
2214 2450 2300 2516 est.

180 2543 276 2594 Sed
307 2565 587 2611 quamquam
616 2550 703 2594 hac
736 2548 1080 2609 opportunitate
1115 2555 1209 2590 nos'
1250 2545 1508 2589 interclusit
1568 2547 1793 2609 temporis
1824 2548 2051 2609 ‘iniquitas
2062 2581 2076 2603 ,
2144 2561 2299 2598 tamen

171 2642 424 2675 memoratu
455 2630 644 2689 dignum
675 2641 767 2682 est,
801 2628 927 2689 quod
957 2639 1135 2673 veteres
1186 2627 1243 2671 de
1273 2626 1550 2670 Antisthene
1582 2629 1882 2688 scripserunt.
1949 2631 2124 2676 Dicunt
2164 2633 2303 2676 nimi-

173 2727 287 2765 rum,
319 2712 442 2756 hunc
460 2706 815 2772 philosophum,
848 2710 925 2771 qui
959 2709 1257 2754 acerbissimo
1290 2707 1401 2752 odio
1434 2708 1483 2751 in
1516 2707 1791 2768 depravatos
1815 2710 2176 2770 *Atheniensium
2205 2729 2306 2759 mo-

168 2806 240 2835 res
273 2792 588 2844 inveheretur,
623 2791 769 2836 altero
803 2807 920 2852 opus
952 2806 1053 2836 esse
1081 2788 1303 2841 Hercule,
1335 2788 1415 2848 qui
1445 2787 1553 2833 huic
1586 2789 1790 2851 serpenti
1824 2802 1961 2852 caput
1984 2793 2293 2853 praecideret,

236 3034 272 3082 ι)
301 3034 352 3072 cf.
381 3005 610 3088 Diogenem
645 3038 780 3078 Laert.
816 3038 865 3078 V.
896 3050 935 3087 p.
966 3050 1005 3087 p.
1034 3039 1121 3078 151.
1148 3035 1242 3074 edit.
1270 3035 1460 3087 Menagii.
1496 3035 1676 3075 Libellus
1710 3036 1880 3078 inscrib.
1904 3035 2183 3096 ‘Hgaezk'ffo
2159 3043 2298 3096 ομιί.

323 3103 412 3166 ζων,
466 3126 489 3160 η
511 3113 595 3172 περὶ
623 3110 778 3169 ἰσχύος,
810 3108 1018 3171 Ἡςακλης
1053 3102 1077 3163 ἢ
1108 3112 1193 3171 περὶ
1220 3106 1435 3171 φρονήσεως
1477 3100 1502 3161 ἦ
1528 3109 1687 3168 ἰσχυος.

1709 3192 1771 3245 2*
