2724 3383
1403 189 1459 231 40

356 347 480 392 ratio
520 346 838 390 niter-cesserit
885 345 1006 387 inter
1057 343 1215 403 herois
1262 343 1396 388 iatius
1429 343 1651 389 virtutem
1691 353 1736 387 ct
1785 356 1886 387 eam
1930 346 2260 405 praestantiam
2274 375 2288 398 ,
2355 351 2495 406 quam

363 425 515 473 Stoici
547 421 761 489 Sapienti
790 439 875 470 suo
911 423 1243 478 attribuerunt,
1289 439 1370 470 seu
1401 424 1557 486 'potuis
1568 456 1582 478 ,
1636 440 1746 468 num
1784 423 2040 485 expletum
2055 427 2288 486 quoddam
2317 426 2498 474 virtutis

352 506 616 567 exemplum
649 505 916 549 Stoicorum
946 497 1122 565 judicio
1164 504 1386 549 Hercules
1428 504 1686 549 exhibuerit
1701 534 1714 558 ,
1764 519 1823 548 an
1861 505 2072 550 accessio
2104 506 2259 567 aliqua
2314 506 2497 570 aliunde

355 585 556 648 petenda
587 584 649 627 ad
679 583 978 628 efficiendum
1011 573 1279 644 Sapientem
1309 583 1407 627 lieri
1439 583 1664 628 debuerit.
1728 584 1856 629 Nihil
1886 585 2010 628 enim
2039 585 2090 627 in
2129 587 2351 646 exemplis
2389 602 2498 648 pro·

358 664 598 712 trahendis
630 663 785 709 facere
817 665 976 709 tritum
1008 663 1124 709 illud
1160 662 1451 718 Stoicorum,
1487 663 1568 725 qui
1599 677 1742 709 unam
1771 664 1984 710 virtutem
2015 662 2206 718 habeat,
2249 665 2294 713 ei
2321 672 2500 712 ceteras

358 745 626 792 necessario
658 755 947 805 competere,
993 742 1065 789 vel
1098 759 1152 787 ex
1184 742 1384 790 Seneca
1395 753 1591 788 constat.
1657 744 1742 789 cui
1772 745 1843 789 rei
1875 756 2120 806 antequam
2150 746 2498 806 respondemus,

359 828 502 874 aliam
533 825 849 888 quaestionem
884 839 1096 870 amovere
1128 823 1270 870 lubet.
1296 863 1306 869 .
1349 824 1485 870 Juvat
1524 824 1742 870 nimirum
1772 823 2049 886 dijudicare,
2096 825 2275 886 quibus
2292 841 2348 870 ex
2381 827 2502 875 rivu-

359 909 418 955 lis
451 907 666 953 duxerint
699 904 855 951 Stoici
880 906 1108 966 insignem
1139 905 1268 951 illam
1306 906 1492 963 fabulae
1532 905 2000 971 interpretationem,
2035 922 2128 974 qua
2159 907 2338 957 virtutis
2371 923 2503 957 amor

356 988 657 1049 studiumque
700 986 950 1031 laudatur?

490 1068 721 1120 Conzius,
756 1068 844 1114 Vir
875 1066 1185 1117 doctissimus,
1221 1066 1253 1123 i)
1284 1068 1468 1119 statuit,
1503 1067 1751 1111 Prodicum
1783 1067 2039 1129 sophistam
2068 1068 2290 1126 primum,
2324 1083 2498 1130 propo-

362 1151 452 1195 sita
485 1163 568 1192 sua
605 1145 898 1197 narratione,
930 1142 969 1203 ἢ)
1003 1145 1061 1190 de
1096 1145 1296 1189 Hercule
1334 1145 1495 1191 melius
1537 1147 1768 1193 sentiendi
1800 1147 2038 1194 auctorem
2065 1145 2221 1196 fuisse·
2248 1147 2504 1209 ceterisque

361 1230 484 1277 viam
530 1227 809 1289 praeivisse,
874 1240 965 1284 qua
1006 1225 1137 1269 notio
1194 1226 1414 1285 propriae
1462 1225 1666 1285 ejusdem
1711 1237 1900 1273 naturae
1953 1239 2266 1275 consentanea
2319 1228 2506 1289 concipi

360 1307 511 1372 possit
529 1326 553 1366 :—
590 1307 700 1351 inde
732 1315 914 1358 enatas,
950 1320 1067 1365 quae
1098 1305 1274 1366 passim
1308 1305 1430 1366 apud
1463 1305 1650 1353 Stoicos
1682 1313 1955 1360 occurrant,
1999 1306 2212 1355 Herculis
2253 1307 2412 1357 laudes
2454 1324 2509 1354 ac

362 1389 631 1452 praeconia.
697 1388 758 1430 At
787 1400 895 1431 vero
929 1385 967 1428 si
1001 1385 1324 1438 concedimus,
1368 1385 1494 1431 illam
1525 1385 1840 1428 narrationem
1878 1402 1906 1429 a
1937 1387 2138 1433 Prodico
2182 1403 2284 1432 esse
2326 1389 2508 1449 excogi-

362 1482 508 1515 tatam
539 1471 728 1529 ejusque
754 1464 971 1525 ingenio,
1012 1476 1064 1509 ut
1096 1481 1198 1515 eam
1230 1467 1488 1526 Xenophon
1530 1477 1874 1517 commemorat,
1914 1466 1980 1513 ita
2010 1448 2357 1560 amplificatam,
2383 1469 2509 1514 inde

364 1563 519 1596 tamen
560 1565 657 1593 non
699 1546 930 1607 sequitur,
975 1557 1026 1590 ut
1079 1546 1255 1607 primus
1295 1546 1384 1590 iste
1435 1546 1645 1610 sophista
1686 1531 2002 1609 praeceperit,
2054 1552 2193 1612 quain
2244 1548 2293 1591 in
2332 1559 2510 1608 partem

364 1629 580 1675 Herculis
614 1638 782 1672 natura
812 1637 933 1671 esset
967 1626 1186 1670 sumenda
1228 1637 1365 1686 atque
1398 1626 1719 1691 intelligenda:
1763 1626 1812 1670 id
1853 1627 2008 1687 potius
2053 1626 2344 1675 solummodo
2398 1642 2509 1673 con-

367 1711 557 1758 cludere
590 1709 821 1768 integrum
854 1715 947 1759 est,
981 1702 1184 1750 fabulam
1216 1719 1424 1752 nostram
1457 1717 1613 1769 aptam
1644 1706 1809 1774 fuisse,
1844 1722 1962 1772 quae
1986 1707 2197 1768 ,cuipiam
2240 1707 2420 1752 virtutis
2462 1708 2511 1751 in
2541 1698 2545 1699 ⁷

370 1792 622 1838 discrimen
653 1800 842 1833 vocatae
874 1788 1229 1839 haesitationem
1262 1804 1317 1833 ac
1348 1789 1710 1835 sollicitudinem
1742 1787 2025 1835 illustraturo
2074 1802 2330 1848 congruens
2363 1788 2510 1848 quod·

367 1873 480 1918 dam
504 1869 769 1937 exemplum
801 1868 1179 1939 subministraret.
1246 1869 1408 1929 Itaque
1439 1880 1536 1913 tum
1568 1869 1751 1912 demum
1783 1868 1846 1917 ab
1872 1868 2026 1917 animo
2069 1884 2173 1914 meo
2205 1868 2509 1930 impetrarem,

365 1965 418 1998 ut
466 1951 829 2011 adstipularemr
871 1950 1061 2001 Conzio,
1097 1950 1135 1991 si
1167 1950 1292 1993 nulla
1334 1956 1524 2009 prorsus
1569 1949 1692 2010 apud
1724 1950 1942 2010 antiquos
1987 1961 2263 2015 apparerent
2303 1950 2509 2010 vestigia,

367 2033 536 2094 quibus
580 2031 819 2074 meliorem
854 2029 1064 2075 Herculis
1107 2041 1317 2079 naturam
1367 2029 1457 2076 illis
1500 2029 1755 2078 innotuisse
1803 2029 2098 2079 manifestum
2148 2042 2285 2075 esset.
2368 2032 2513 2091 Atqui

369 2123 652 2174 quamquam
683 2125 820 2155 nemo
853 2109 939 2155 ibit
972 2106 1176 2163 inficias,
1211 2110 1258 2153 in
1290 2110 1360 2154 his
1394 2109 1683 2170 antiquitatis
1721 2111 1905 2172 priscae
1935 2110 2266 2164 monumentis,
2315 2125 2433 2170 quae
2465 2110 2515 2154 in

367 2202 580 2238 nostram
627 2201 824 2236 aetatem
864 2200 1187 2243 manaverunt,
1238 2189 1494 2239 honestatis
1536 2189 1738 2235 studium
1779 2190 1919 2255 idque
1949 2206 2113 2243 unum,
2158 2205 2250 2251 quo
2292 2190 2514 2235 Hercules

367 2272 557 2318 Prodici
601 2271 870 2316 excelluisse
903 2272 1133 2331 putandus
1171 2282 1263 2321 est,
1309 2287 1335 2316 a
1367 2271 1475 2320 loco
1507 2271 1588 2319 illo
1620 2272 1955 2333 Xenophonteo
1988 2271 2027 2315 si
2060 2271 2342 2323 discesseriS,
2375 2271 2517 2316 haud-

372 2368 606 2414 quaquam
642 2351 893 2402 celebrari,
926 2352 1079 2413 plures
1113 2363 1268 2399 tamen
1299 2353 1513 2412 leguntur
1544 2352 1660 2404 loci,
1698 2352 1865 2412 quibus
1900 2352 1960 2395 ad
2003 2351 2225 2411 quasdam
2255 2350 2395 2394 animi
2426 2352 2515 2396 vir-

371 2444 491 2478 tutes
537 2433 585 2475 in
627 2430 825 2475 Hercule
869 2432 1169 2491 conspicuas,
1220 2433 1427 2492 quamvis
1468 2442 1591 2476 tecte
1632 2442 1772 2493 atque
1811 2431 1964 2476 obiter
1977 2420 2004 2484 ,‘
2039 2431 2272 2479 alluditur.
2352 2433 2514 2492 Neque

374 2514 496 2557 enim
532 2529 587 2556 ea
617 2513 810 2556 minima
843 2522 915 2554 est
946 2511 1129 2557 fabulae
1160 2524 1349 2557 nostrae
1380 2513 1721 2559 commendatio
1731 2544 1744 2566 ,
1776 2524 1827 2557 ut
1854 2510 2214 2574 ‘inspicientibus
2247 2526 2349 2555 eam
2377 2522 2515 2572 atque

453 2692 481 2738 i)
522 2689 574 2727 cs.
605 2689 773 2726 Conzii:
818 2670 1138 2738 Abhandsungen
1167 2687 1234 2724 fiir
1271 2686 1336 2724 die
1375 2686 1617 2726 Geschichte
1650 2688 1730 2726 und
1761 2688 1830 2727 das
1851 2683 2213 2740 -Eigentln‘imliche
2248 2686 2323 2725 der
2354 2690 2516 2737 spatern

496 2792 506 2799 ,
531 2755 737 2793 stoischen
758 2753 1047 2804 Philosophie,
1077 2753 1179 2791 Tul).
1204 2756 1321 2795 1794.
1362 2767 1402 2804 p.
1423 2757 1486 2795 30.
1542 2780 1568 2800 ,,
1586 2754 1941 2794 VVahrscheinlich
1974 2754 2049 2804 gab
2072 2754 2146 2791 der
2177 2753 2342 2804 Sophist
2369 2753 2515 2792 Prodi-

534 2821 607 2859 kus
637 2820 764 2859 durch
800 2820 915 2858 seine
942 2819 1142 2863 belamuto
1170 2818 1377 2870 Allegorie
1414 2832 1494 2859 von
1525 2820 1724 2859 Herkules
1754 2820 1825 2859 auf
1853 2820 1944 2859 dem
1974 2818 2285 2870 Scheidewege‚
2326 2818 2399 2857 mit
2427 2819 2519 2858 dem

538 2895 730 2938 strengen
759 2887 939 2931 wesen,
970 2898 1051 2923 was
1083 2886 1124 2923 in
1142 2885 1309 2923 'seinem
1331 2886 1550 2925 Charakter
1577 2886 1702 2925 selbot
1728 2887 1815 2939 lag,
1843 2886 1925 2926 und
1954 2900 2034 2926 was
2063 2885 2136 2924 der
2160 2885 2363 2925 stoischen
2384 2885 2518 2925 Philo-

539 2952 682 3003 sophie
708 2953 748 2989 so
774 2953 1043 2990 willkommen
1074 2964 1170 3002 seyn
1195 2951 1358 2997 masne,
1397 2952 1463 2990 die
1491 2962 1598 2991 erste
1629 2953 1928 3004 Veranlas'tung
1958 2966 2008 2990 zu
2040 2953 2288 3004 gelimer-ten
2310 2951 2518 3005 Begriffen

536 3030 617 3058 von
654 3018 786 3055 ihm.¹‘

449 3087 486 3136 Ι)
536 3084 589 3126 cf.
619 3083 875 3135 Xenophont.
909 3083 1128 3124 memorab.
1163 3085 1235 3129 11.‚
1271 3092 1303 3126 ι.
